4267 6008
855 443 3026 232 Das gentis sensum, quo uel bona uł mala noscant :

896 625 2975 256 Non satis innectis seruandȩ uincula legis,

881 831 2569 255 Propo̧nisq; malis poenas, & p̃mia iustis

866 1031 2910 250 Haec quoq; quis spreuit. redeat quandoq; licebit

871 1221 2915 245 Inprõptu uenia .ẽ. sanctũ pat& ecce lauacrum

1186 1408 146 114 d

2467 1432 112 59 e

856 1401 2870 261 Quoq renou& uitã u&erisq; oblitteret actus,

881 1577 2970 265 Quodq; nouos homines faciat quid quȩrimꝰ ultra

876 1757 2648 270 Et tam̃ ulterior uenia ẽ uiolauerit ullus

881 1957 3050 275 Hoc quoq; polluto prolapsus corpore domum,

891 2162 3085 236 Quamquã iam nimius longe processerit error :

906 2338 2529 225 Desinat & redeat, cum se damnauerit ipse

2198 2546 75 77 o

896 2483 2800 295 Absolui meruit. si paenit&, irrita culpa est

936 2688 2870 280 O uere quod ais pondus leue, quodque coher&

946 2883 2930 271 Suaue iugum totiens homini cum ignoscitur uni

936 3099 2429 210 Et tamen erramus, finis nec criminis ullus

956 3289 2609 235 Humano generi : sed crescit laus tua nam quo

936 3484 2564 230 Maior culpa rei, parentis gloria maior :

1402 3678 103 87 e

956 3669 2860 211 Gratis ergo tibi referat mens omnis, & omnis

961 3850 3195 245 Lingua canat, quantumque potest hamana propago,

2108 4016 135 84 t

1021 4020 2633 250 Si placuisse nequid, fieri uel grata labor&

2719 4200 130 105 u

2850 4170 328 101 uela

986 4225 2715 220 Panditur inmensum si demos ut a profundũ,

981 4405 2680 281 In laudes pater alme tuas : sed conscia tanti

2729 4576 215 120 s

1006 4626 2860 225 mens oneris trepidat, propiatq; aut inscia uires

3260 4796 80 100 ~

3455 4778 70 78 t

1001 4801 2634 295 Consulit & dignis potius dicenda reliquid
