4267 6112
1315 550 137 56 iui

1514 550 107 71 ua

825 550 2604 208 Persona diuinos modo celsius inton& actus

800 697 2911 255 Nosse mauis causas rerum & primordia mundi

2105 909 224 74 Epi

800 886 2702 249 Ne uagus innumeros eꝑcuri somnia, mundos,

876 1044 2860 295 Quos athomis demens ꝑ inane parentibus edit,

825 1273 2860 290 Irritus in uacuũ spatiato pectore quȩras.

3609 1485 97 83 M

830 1482 3146 275 Legifer antiquo ueneran uenerandus nomine moyses

825 1675 3064 250 Compositum a prima rep&ens ab origine mundum

2620 1891 107 59 e

810 1874 2401 224 Instituente dõ, curas tibi soluit inanes

805 2032 3018 280 Formatumq; hominẽ limo & spiramine sacro,

785 2220 2676 289 Afflatũ referens, cuius sis munere cunctis

800 2419 2574 265 Celsior in terra spirantibus, ipse docebit

1983 2638 45 102 P

2273 2657 51 78 h

3114 2587 133 102 P

779 2597 2968 306 Neu te ceu lapides pyrrae argillãue prom&hi

790 2821 3002 270 Contemnas, quem summa manus uultuq; animoq;

774 2994 2784 281 Sublimem, & propria dignatus imagine finxit.

1369 3240 114 70 e

1962 3226 372 79 pergas

774 3213 2142 265 Cognoscis ibidem ne ꝑ tradere fatis,

785 3412 2401 250 Arbitrium nrĩ, quae nos sententia leto

800 3606 2554 214 Uinxerit, & cuius uitã sub lege trahamus :

830 3784 2641 234 Sic mentem caelo iacis altius & suꝑ astra

830 3962 2911 245 Scire cupis quid sit, uel quid fuerit prius aeuo

1835 4212 60 66 c

3206 4164 98 64 I

3645 4155 97 82 e

810 4166 2982 277 Et mundo, & sedis doc& ulteriora a iohannis.

2278 4355 83 76 t

830 4339 2825 229 Principio uerbum, in quid, erat, ds̃ obside uerbo

800 4527 2549 240 Gaudeat, uerbũ quae dĩ simul & ds̃ idem

820 4679 3181 307 Uerbum erat hoc uerbum ẽ sine quo nihil, omã ꝑ quod.

1794 4978 78 84 o

800 4920 2682 346 Omnia & a&̃na natura omnis famulato

3328 4937 159 77 ur
