4267 6075
2056 445 178 101 m

896 445 2712 228 Arcer&que graues conpuncto corpore summis

1094 607 112 132 u

891 617 2641 253 Hanc uilis rigides ad lumbos zona ligabat

912 815 2767 268 Praebebant uictum facilem siluestria mella

907 1002 2670 288 Pomaque & incultis enate cautibus herbae,

894 1189 2734 258 Arentemque sitim decurrens unda leuabat.

907 1366 2908 294 Quis locus hic uitiis. aditum quem praua cupido

912 1589 2964 253 Inuenit haec inter sacrae ad pen&ralia mentis

2275 1782 157 86 at

957 1771 2620 264 Quo pecc& qui nil cupi& quo tendat iniqui

891 1944 2869 293 In lacebras sensus quisquis non indig& ullo

896 2131 3006 273 Sic primi uixere homines, mundoque recenti

932 2333 2970 248 Hos auctor dederat uentura in saecula mores.

2645 2563 96 65 e

907 2511 2883 283 Inseruit donec sese malasuada uoluptas,

917 2683 2985 293 Ac secum luxus & amorem inuexit habendi :

2204 2895 159 112 e

937 2865 3107 288 Hinc odia, hinc litis, hinc fraus, hinc liuor & irȩ,

1429 3098 106 131 e

947 3047 3051 314 Caedis, arma, cruor, conflictus, prȩlia, mortes.

952 3260 2813 304 Hinc offensa dĩ, quã cartara saeua piabunt :

3145 3462 138 107 e

3486 3437 162 101 u

962 3409 3087 337 Uerum ego cur nimium communis argo culpas,

983 3665 2939 273 Inmemor ipse mei, quẽ non cõmissa grauare,

1049 3857 2761 243 Sed ueniam sperare dec& mirabimur immo

1023 4029 2585 274 Rectius inuictũ nulliq̃; imitabile prisci

1018 4196 3056 284 Exemplum saecli transgressum humana labore,

2934 4458 140 57 m

1038 4394 2848 298 Semidm̃que uirum, qui labe inmunis ab omni

1003 4581 3035 294 Cum sua tam sȩuis cruciarit corpora poenis,

3496 4773 147 92 e

993 4773 2972 350 Praescripsit, quid nos uel post peccata docer&
