4267 6038
3376 452 295 277 119

367 568 2732 253 magna mouens habeat solitis impensa facultas

387 739 2566 227 Carminibus. maior rerum tibi nascitur ordo.

1499 951 86 85 P

392 930 2632 232 Non modo iudicium paridis nec bella gigantum

1127 1128 115 69 i

417 1096 2400 257 Falsam canes fuerit puerili ludus in aeuo

392 1318 2762 246 Iste tuus quondam docuerunt ludicra paruum

382 1544 2883 222 Nunc animis grauior, quantũ prouectior annis

397 1700 2466 242 Asꝑnare uelesues maturio corde camenas,

377 1881 2747 244 Et qualẽ castis iam congrua moribus a&as

367 2073 2682 251 Atque tui specimen uenerabile postulat oris,

402 2254 2632 241 Suscipe materiam, & diuinas concipe sensus.

397 2425 2440 266 Si decus e falsis aliquod nom̃que tulisti

342 2601 2672 277 De uacuis magnum rebus, cum ficta u&ustis

2990 2870 79 78 e

352 2797 2777 272 Carminibus caneris, uł cum terrena referris

342 2988 2868 257 Gesta triumphantũ laudans insignia regum,

347 3180 2948 256 Nonne quidem ex illis tu laudem sumere dignus.

2254 3389 480 102 munere

327 3356 2999 270 Quos magis ornabais opulentis nume u uerbi.

352 3552 2848 251 Quanto maior ab his ced& tibi gloria coeptis,

3321 3743 148 136 tã

337 3743 3092 264 In quibus & linguã exercens mentẽ quoq; sanc.

337 3934 2858 247 Erudies liuidemq; simul uitamq; capesses :

309 4105 3087 268 Dum quem legis catus & scribis miracula summi

347 4292 2516 251 Uera dĩ proprior disces & carior ipsi

342 4483 2732 236 Esse dõ quem dum credens mrraris, amare

311 4659 2612 292 Incipies & mando dm̃ redam habere xpõ.

231 4890 2798 282 Hactenus illa tuae uanos tuba uocis in usus

1907 5202 442 212 XXIIII
