4267 6112
810 519 2840 239 Nec cuiquam uisu facilis, cunctisque tremendus,

779 723 2534 234 Te misit dñm̃ terris uitaeq; magistrum.

810 911 2559 204 Et quisquis natum iusto ueneratur honore,

774 1079 2595 219 Ambobus sua uota dicat uitamque ꝑennem.

774 1303 2473 230 Tu casti rectique tenax, & flectere leges

785 1497 2850 229 Post crimen facilis, si quem uechordia praeceps

785 1670 2340 219 Depulit a uobis praescripto limitȩ uitae.

785 1864 2564 249 Te genitor nostra paterentur ut ora tueri

779 2062 2688 224 Induit humana facie membrisque caducis

1350 2230 108 138 n

2513 2230 71 123 e

779 2251 2743 229 Quis temptar& enim fragilis attollere uisus,

1233 2414 92 137 ẽ

779 2460 2641 229 Si talis trepidis uoluisses sistere terris,

774 2638 2973 214 Qualis es, ingenti cum torques fulmina dextra,

769 2816 3120 311 Presentem quȩ iubes directa pauescere poenã :

779 2974 2855 265 Uel cum placatus campis sitientibus imbres ⟦,⟧

769 3203 2554 209 Diuidis, & dubias sulcis producis aristas :

744 3402 3079 257 Ne tamen insignem res nulla ostender& ortum,

785 3606 2814 224 Uirgine conciperis. non sufficit esse pudicam

764 3779 3054 234 Ne que nuptam queat dñõ coniungere fratrẽ :

774 3982 2886 225 Et procul ex utero contagio turpis abess&.

759 4166 2473 204 Mox ubi processu felix maturuit aetas,

800 4354 2845 209 Indociles animos monitis seruare paternis

3665 4533 132 79 ers

744 4522 3078 270 Adgrederis, rectamque uiam labentibus offres

1350 4780 179 68 ut

754 4746 3140 260 Atque ait missa dõ penitus praecepta paterent,

1527 4935 160 117 tu

830 4945 2580 290 Imperium morti adimis, morboq; soluto
