4267 5979
3564 358 223 180 106

2836 333 174 125 r

433 408 2649 234 Intra unam conclusa domũ, sed quantus ab ortu

413 612 2602 230 Tenditur insera finita crepuscula lucis

403 802 2333 229 Totus ꝓle tua tecũ la&abitur orbis

363 1001 2672 209 Quid mirum cuncta uitiorũ fece carebit,

388 1185 2787 205 Caelestem ducens sine labe & crimine uitam

398 1385 2562 209 Uaesano seruans abstemia pectora uino,

3025 1549 75 115 c

403 1574 2787 219 Omniaque &uitans malesuadi pocula suci :

343 1768 3026 220 Cumq; hominum generi uel post errata salutẽ

338 1953 3131 249 Spondeat, ab sancta quisquis renouabitur unda,

324 2117 2622 224 Ipse in se nihilum quo purific&ur habebit

2651 2301 90 120 a

314 2321 2562 230 Ac ne plura tibi uariis ambagibus aedẽm,

328 2516 2558 184 Heliȩ meritum doctus nescire sacerdos

333 2690 2583 224 Non potes exosae qui mortis lege remissa,

304 2874 2487 220 A&ernã degit ꝓprio cũ corpore uitam,

319 3054 2985 234 Igneus excelsum quem uexit ad a&hera currus

2327 3228 115 115 u

333 3253 2802 219 Flãmantum rapi nisu glomeratos equorum.

299 3427 2961 200 Hunc tuus aequabit meritorum stẽmate natus :

309 3617 2951 229 Tantundem & laudis simul & uirtutis habebit

328 3811 2737 224 ergo ad condignas tanto pro munere grates,

338 4005 2777 210 Neu dubiã suspende fidem, ne mota fauentis

324 4200 2676 219 Ira dĩ, meritã statuat post praemia poenam

338 4389 2593 219 haec ait & tenues elabitur ales in auras.

483 4544 140 69 r

259 4588 2876 279 Flagrantemq; sacro ꝓcul aera fundit odore.

333 4798 2737 239 Diriguit trepida confusus mente sacerdos

1799 5257 333 283 XV
